@book{マスタリングTCPIP,
  title     = {マスタリング{TCP/IP} 入門編（第6版）},
  author    = {直也井上 and 公保村山 and 隆史竹下 and 透荒井 and 幸雄苅田},
  isbn      = {9784274224478},
  url       = {https://books.google.co.jp/books?id=01LADwAAQBAJ},
  year      = {2019},
  publisher = {オーム社}
}
@book{RADIUS,
  title     = {{RADIUS}: ユーザ認証セキュリティプロトコル},
  author    = {Hassell, J. and アクセンス・テクノロジー},
  isbn      = {9784873111476},
  url       = {https://books.google.co.jp/books?id=l7ytYgcpULIC},
  year      = {2003},
  publisher = {オライリー・ジャパン}
}
